<record><leader>00000cas a22000007a 4500</leader><controlfield tag="001">10286980</controlfield><controlfield tag="008">840111d19351958njuwr ne      0    0eng d</controlfield><datafield ind1=" " ind2=" " tag="010"><subfield code="a">sn 84026091 </subfield></datafield><datafield ind1=" " ind2=" " tag="040"><subfield code="a">NPU</subfield><subfield code="b">eng</subfield><subfield code="c">NPU</subfield><subfield code="d">NJW</subfield><subfield code="d">OCLCQ</subfield></datafield><datafield ind1=" " ind2=" " tag="042"><subfield code="a">msc</subfield></datafield><datafield ind1="0" ind2="0" tag="245"><subfield code="a">Mendham-Chester tribune.</subfield></datafield><datafield ind1=" " ind2=" " tag="260"><subfield code="a">Mendham, N.J. :</subfield><subfield code="b">C. Fred Westin</subfield></datafield><datafield ind1=" " ind2=" " tag="300"><subfield code="a">v. :</subfield><subfield code="b">ill. ;</subfield><subfield code="c">55 cm.</subfield></datafield><datafield ind1=" " ind2=" " tag="310"><subfield code="a">Weekly</subfield></datafield><datafield ind1="1" ind2=" " tag="362"><subfield code="a">Began in Oct. 1935; ceased with July 31, 1958 issue.</subfield></datafield><datafield ind1=" " ind2=" " tag="500"><subfield code="a">"The official newspaper of Mendham Borough and Chester Township."</subfield></datafield><datafield ind1=" " ind2=" " tag="515"><subfield code="a">Suspended publication 1942-&lt;1945&gt;.</subfield></datafield><datafield ind1=" " ind2=" " tag="580"><subfield code="a">Continues: Mt. Lakes tribune (non-extant).</subfield></datafield><datafield ind1=" " ind2=" " tag="588"><subfield code="a">Description based on: Vol. 2, no. 1 (Oct. 29, 1937).</subfield></datafield><datafield ind1=" " ind2=" " tag="752"><subfield code="a">United States</subfield><subfield code="b">New Jersey</subfield><subfield code="c">Morris</subfield><subfield code="d">Mendham.</subfield></datafield><datafield ind1=" " ind2=" " tag="752"><subfield code="a">United States</subfield><subfield code="b">New Jersey</subfield><subfield code="c">Morris</subfield><subfield code="d">Chester.</subfield></datafield><datafield ind1="1" ind2="0" tag="780"><subfield code="t">Mt. Lakes tribune</subfield></datafield><datafield ind1="0" ind2="7" tag="785"><subfield code="t">Morris observer</subfield></datafield><datafield ind1="0" ind2="7" tag="785"><subfield code="t">Morris observer and Mendham-Chester tribune</subfield></datafield></record>